% bibtex information from jstor

@article{1962,
     jstor_articletype = {research-article},
     title = {College Admissions and the Stability of Marriage},
     author = {Gale, D. and Shapley, L. S.},
     journal = {The American Mathematical Monthly},
     jstor_issuetitle = {},
     volume = {69},
     number = {1},
     jstor_formatteddate = {Jan., 1962},
     pages = {pp. 9-15},
     url = {http://www.jstor.org/stable/2312726},
     ISSN = {00029890},
     abstract = {},
     language = {English},
     year = {1962},
     publisher = {Mathematical Association of America},
     copyright = {Copyright Â© 1962 Mathematical Association of America},
    }
